<record><leader>00000cas a22000007a 4500</leader><controlfield tag="001">12895073</controlfield><controlfield tag="008">851211d18891895iaudn ne      0    0eng d</controlfield><datafield ind1=" " ind2=" " tag="010"><subfield code="a">sn 85049850 </subfield></datafield><datafield ind1=" " ind2=" " tag="040"><subfield code="a">INP</subfield><subfield code="b">eng</subfield><subfield code="c">INP</subfield><subfield code="d">OCLCQ</subfield></datafield><datafield ind1=" " ind2=" " tag="042"><subfield code="a">msc</subfield></datafield><datafield ind1="0" ind2=" " tag="130"><subfield code="a">Council Bluffs nonpareil (Council Bluffs, Iowa : 1889)</subfield></datafield><datafield ind1="1" ind2="4" tag="245"><subfield code="a">The Council Bluffs nonpareil.</subfield></datafield><datafield ind1="1" ind2="7" tag="246"><subfield code="a">Daily nonpareil</subfield></datafield><datafield ind1=" " ind2=" " tag="260"><subfield code="a">Council Bluffs, Iowa :</subfield><subfield code="b">Nonpareil Print. &amp; Pub. Co.,</subfield><subfield code="c">1889-1895.</subfield></datafield><datafield ind1=" " ind2=" " tag="300"><subfield code="a">7 v. :</subfield><subfield code="b">ill. (chiefly advertisements)</subfield></datafield><datafield ind1=" " ind2=" " tag="310"><subfield code="a">Daily (except Monday)</subfield></datafield><datafield ind1="0" ind2=" " tag="362"><subfield code="a">Vol. 28, no. 334 (Dec. 10, 1889)-v. 34, no. 109 (June 26, 1895).</subfield></datafield><datafield ind1=" " ind2=" " tag="500"><subfield code="a">"A home paper giving home news."</subfield></datafield><datafield ind1=" " ind2=" " tag="500"><subfield code="a">"A Council Bluffs PAPER, not an 'Annex'."</subfield></datafield><datafield ind1=" " ind2=" " tag="752"><subfield code="a">United States</subfield><subfield code="b">Iowa</subfield><subfield code="c">Pottawattamie</subfield><subfield code="d">Council Bluffs.</subfield></datafield><datafield ind1="0" ind2=" " tag="775"><subfield code="t">Weekly nonpareil</subfield><subfield code="w">(DLC)sn 85049847</subfield></datafield><datafield ind1="0" ind2="0" tag="780"><subfield code="t">Council Bluffs daily nonpareil (Council Bluffs, Iowa : 1884)</subfield><subfield code="w">(DLC)sn 85049849</subfield></datafield><datafield ind1="0" ind2="0" tag="785"><subfield code="t">Daily nonpareil (Council Bluffs, Iowa : 1895)</subfield><subfield code="w">(DLC)sn 85049851</subfield></datafield></record>